
@InProceedings{presup:ijcai95,
  author = 	 "J. Gurney and D. Perlis and K. Purang",
  title = 	 "Active Logic and {H}eim's Rule for Updating Discourse
		  Context",
  year =	 1995,
  organization = "IJCAI 95 Workshop on Context in Natural Language",
  keywords =	 "presupposition, discourse, context, accomodation,
		  active logic",
  url =        "http://www.cs.umd.edu/projects/active/papers/ijcai95.ps"
}



@InProceedings{implic:aaai96,
  author = 	 "D. Perlis and J. Gurney  and K. Purang",
  title = 	 "A Temporal-Context Approach to Updating Implicature
		  to Dialog",
  year =	 1996,
  organization = "AAAI 96 Spring Symposium on Computational Implicature",
  keywords =	 "discourse, context, active logic, implicature",
  url =        "http://www.cs.umd.edu/projects/active/papers/lang/implic.ps"
}




@Article{presup:ci96,
  author = 	 "J. Gurney and D. Perlis and K. Purang",
  title = 	 "Updating Discourse Context with Active Logic",
  journal =	 "Computational Intelligence",
  year =	 "Submitted for publication",
  keywords =	 "discourse, context, active logic, implicature,
		  accomodation, presupposition",
  url =        "http://www.cs.umd.edu/projects/active/papers/lang/ci96.ps"
}

