

@inproceedings{perlis:non-monotonicity,
   author    = {D. Perlis},
   title     = {Non-monotonicity and Real-time Reasoning},
   booktitle = "Proceedings of the 1984 Nonmonotonic Reasoning Workshop",
   organization = {AAAI},
   year      = 1984 ,
   month     = oct,
   address   = {New Paltz, NY},
   keywords = "default, reasoning, time, nonmonotonicity",
   url = "http://www.cs.umd.edu/projects/active/papers/nmreal.ps.Z"
}


@article{perlis:languages1,
   author    = {D. Perlis},
   title     = {Languages with Self Reference {I}:  Foundations},
   journal   = {Artificial Intelligence},
   year      = 1985 ,
   volume    = 25,
   pages     = {301--322},
   keywords = "beliefs, consistency, reference, cognition, logic",
   url = "http://www.cs.umd.edu/projects/active/papers/sref-I.ps.Z"
}


@article{minker/perlis:computing,
   author    = {J. Minker and D. Perlis},
   title     = {Computing Protected Circumscription},
   journal   = {Journal of Logic Programming},
   year      = 1985 ,
   volume    = 4,
   pages     = {235--249},
   keywords = "circumscription, logic",
   url = "http://www.cs.umd.edu/projects/active/papers/comprotcirc.ps.Z"
}

@inproceedings{drapkin/perlis:preliminary,
   author    = {J. Drapkin and D. Perlis},
   title     = {A Preliminary Excursion into Step-logics},
   booktitle = {Proceedings SIGART International Symposium on 
       Methodologies for Intelligent Systems},
   organization = {ACM},
   year      = 1986 ,
   address   = {Knoxville, Tennessee},
   pages     = {262--269},
   keywords = "commonsense, time, reasoning, active logic",
   url = "http://www.cs.umd.edu/projects/active/papers/excursion.ps.Z"
}


@inproceedings{perlis:what,
     AUTHOR = {Perlis, D.},
     TITLE = {What is and what isn't},
     BOOKTITLE = {12th Annual Meeting, Society for Philosophy and Psychology},
     ADDRESS = {Johns Hopkins University},
     YEAR =  1986,
   keywords = "meaning, intentionality",
   url = "http://www.cs.umd.edu/projects/active/papers/wiwi.ps.Z"
}


@article{perlis:consistency,
   author    = {D. Perlis},
   title     = {On the Consistency of Commonsense Reasoning},
   journal   = {Computational Intelligence},
   year      = 1986 ,
   volume    = 2,
   pages     = {180--190},
   keywords = "commonsense, reasoning, default, consistency",
   url = "http://www.cs.umd.edu/projects/active/papers/occr.ps.Z"
}


@techreport{drapkin/miller/perlis:default,
   author    = {J. Drapkin and M. Miller and D. Perlis},
   title     = {On Default Handling: Consistency Before and After},
   institution = {Systems Research Center,
       University of Maryland},
   year      = 1986 ,
   address   = {College Park, Maryland},
   number    = {TR-86-20},
   keywords = "commonsense, default, consistency",
   url = "http://www.cs.umd.edu/projects/active/papers/cba.ps.Z"
}


@inproceedings{drapkin/perlis:step,
   author    = {J. Drapkin and D. Perlis},
   title     = {Step-logics: An Alternative Approach to Limited Reasoning},
   booktitle = {Proceedings of the European Conf. on 
       Artificial Intelligence},
   year      = 1986 ,
   address   = {Brighton, England},
   pages     = {160--163},
   keywords = "commonsense, active logic, reasoning, resources",
   url = "http://www.cs.umd.edu/projects/active/papers/alternative.ps.Z"
}


@article{perlis/minker:completeness,
   author    = {D. Perlis and J. Minker},
   title     = {Completeness Results for Circumscription},
   journal   = {Artificial Intelligence},
   year      = 1986 ,
   volume    = 28,
   number    = 1,
   pages     = {29--42},
   keywords = "circumscription",
   url = "http://www.cs.umd.edu/projects/active/papers/complete.ps.Z"
}



@article{perlis:circumscribing,
   author    = {D. Perlis},
   title     = {Circumscribing with Sets},
   journal   = {Artificial Intelligence},
   year      = 1987 ,
   volume    = 31,
   pages     = {201--211},
   keywords = "circumscription",
   url = "http://www.cs.umd.edu/projects/active/papers/circset.ps.Z"
}


@inproceedings{perlis:how,
   author    = {D. Perlis},
   title     = {How Can a Program Mean?},
   booktitle = {Proceedings of the 10th Int'l Joint Conference on Artificial Intelligence},
   year      = 1987,
   pages     = {163--166},
   keywords = "meaning",
   url = "http://www.cs.umd.edu/projects/active/papers/how.ps.Z"
}


@inproceedings{elgot-drapkin/miller/perlis:two,
   author    = {J. Elgot-Drapkin and M. Miller and 
       D. Perlis},
   title     = {The Two Frame Problems},
   booktitle = {Proceedings of the 1987 Workshop on 
       The Frame Problem},
   year      = 1987 ,
   editor    = {F. M. Brown},
   publisher = {Morgan Kaufmann},
   address   = {Lawrence, Kansas},
   pages     = {23--28},
   keywords = "commonsense, frame",
   url = "http://www.cs.umd.edu/projects/active/papers/2frames.ps.Z"
}

@inproceedings{elgot-drapkin/miller/perlis:life,
        author = "J. Elgot-Drapkin and M. Miller and 
                  D. Perlis",
        title = "Life on a Desert Island: Ongoing Work on Real-time 
                 Reasoning",
        booktitle = "Proceedings of the 1987 Workshop on 
                     The Frame Problem",
        note = "Lawrence, Kansas",
        pages = "349--357",
        editor = "F. M. Brown",
        publisher = "Morgan Kaufmann",
        year = 1987,
   keywords = "time, reasoning, default, resources",
   url = "http://www.cs.umd.edu/projects/active/papers/island.ps.Z"
}


@article{miller/perlis:proving1,
   author    = {Miller, M. and Perlis, D.},
   title     = {Proving self-utterances},
   journal   = {Journal of Automated Reasoning},
   year      = 1987 ,
   volume    = 3,
   pages     = {329--338},
   keywords = "language, knowledge, logic",
   url = "http://www.cs.umd.edu/projects/active/papers/utter.ps.Z"
}


@article{perlis:languages2,
   author    = {D. Perlis},
   title     = {Languages with Self Reference {I}{I}:
       Knowledge, Belief, and Modality},
   journal   = {Artificial Intelligence},
   year      = 1988 ,
   volume    = 34,
   pages     = {179--212},
   keywords = "beliefs, consistency, reference, cognition, knowledge",
   url = "http://www.cs.umd.edu/projects/active/papers/sref-II.ps.Z"
}


@incollection{perlis:commonsense,
   author    = {D. Perlis},
   title     = {Commonsense set theory},
   booktitle = {Meta-Level Architectures and Reflection},
   year      = 1988 ,
   editor    = {P. Maes and D. Nardi},
   publisher = {North Holland},
   keywords = "commonsense",
   url = "http://www.cs.umd.edu/projects/active/papers/cst.ps.Z"
}

@incollection{perlis:meta,
   author    = {D. Perlis},
   title     = {Meta in Logic},
   booktitle = {Meta-Level Architectures and Reflection},
   year      = 1988 ,
   editor    = {Maes, P. and Nardi, D.},
   publisher = {Elsevier},
   pages     = {37--49},
   keywords = "language, logic",
   url = "http://www.cs.umd.edu/projects/active/papers/mil.ps.Z"
}



@article{perlis:autocircumscription,
   author    = {Perlis, D.},
   title     = {Autocircumscription},
   journal   = {Artificial Intelligence},
   year      = 1988 ,
   volume    = 36,
   pages     = {223--236},
   keywords = "reasoning, circumscription",
   url = "http://www.cs.umd.edu/projects/active/papers/auto.ps.Z"
}


@InProceedings{,
  author = 	 "Sarit Kraus and Don Perlis",
  title = 	 "Assessing Others' Knowledge and Ignorance.",
  pages =	 "220 - 225",
  booktitle =	 "Proceedings of the 4th International Symposium on
		  Methodologies for Intelligent Systems.",
  year =	 1989,
  keywords =     "circumscription, ignorance, knowledge",
  url =          "http://www.cs.umd.edu/projects/active/papers/know-ign.ps"
}


@article{perlis:intentionality,
        AUTHOR = {D. Perlis},
        TITLE = {Intentionality and defaults},
        JOURNAL = {International J. of Expert Systems},
	NOTE = {special issue on the Frame Problem, K. Ford and P. Hayes (eds.)},
        PAGES = {345--354},
        VOLUME = {3},
        YEAR = 1990,
  keywords =     "intentionality, default",
  url =          "http://www.cs.umd.edu/projects/active/papers/int-def.ps.Z"
}


@article{elgot-drapkin/perlis:reasoningjetai,
   author    = {J. Elgot-Drapkin and D. Perlis},
   title     = {Reasoning Situated in Time {I}: Basic Concepts},
   journal   = {Journal of Experimental and Theoretical Artificial Intelligence},
   year      = 1990 ,
   volume    = 2,
   number    = 1,
   pages     = {75--98},
   keywords  = "reasoning, time, agent, contradiction, introspection, active logic",
   url       = "http://www.cs.umd.edu/projects/active/papers/jetai.ps"
}


@inproceedings{kraus/nirkhe/perlis:deadline-coupled,
  title="Deadline-Coupled Real-time Planning",
  author="S. Kraus and M. Nirkhe and D. Perlis",
  year=1990,
  pages="100--108",
  booktitle="Proceedings of 1990 DARPA workshop on Innovative
		  Approaches to Planning, Scheduling and Control",
  address="San Diego, CA",
  keywords  = "planning, real-time, deadline, active logic",
  url       = "http://www.cs.umd.edu/projects/active/papers/darpa90.dvi"
}


@inproceedings{kraus/nirkhe/perlis:planning,
  title="Planning  and Acting in Deadline Situations",
  author="S. Kraus and M. Nirkhe and D. Perlis",
  year="1990",
  booktitle="Proceedings of AAAI-90 Workshop on Planning in Complex
		  Domains",
  keywords = "planning, time, deadline, active logic",
  url       = "http://www.cs.umd.edu/projects/active/papers/aaai90.dvi"
}

@article{perlis:putting1,
   author    = {D. Perlis},
   title     = {Putting One's Foot in One's Head---Part
       {I}: Why},
   journal   = {No\^{u}s},
   year      = 1991 ,
   volume    = 25,
   pages     = {435--455},
   note      = {Special issue on {A}rtificial {I}ntelligence and
       {C}ognitive {S}cience},
     keywords = "mind, language, meaning, intentionality, content,
		  reference",
    url      = "http://www.cs.umd.edu/projects/active/papers/foot-I.dvi"
}

@incollection{elgot-drapkin/miller/perlis:mrt,
    title="Memory, reason, and time: the step-logic approach",
    booktitle="Philosophy and AI: Essays at the Interface",
    author="J. Elgot-Drapkin and M. Miller and D. Perlis",
    editor="R. Cummins and J. Pollock",
    year="1991",
    publisher="MIT Press",
    keywords = "memory, reasoning, time, active logic, resources,
		  space" ,
    url    = "http://www.cs.umd.edu/projects/active/papers/phil.ai.chapter.ps"
}

@inproceedings{elgot-drapkin:wisemen,
   author    = {Elgot-Drapkin, J.},
   title     = {A Real-time Solution to the wise-men
       Problem},
   booktitle = {Proceedings of the AAAI Spring Symposium on
       Logical Formalizations of Commonsense Reasoning},
   year      = {1991},
   address   = {Stanford, CA},
   keywords  = "reasoning, time, commonsense, resources,
		  active logic",
    url    = "http://www.cs.umd.edu/projects/active/papers/2wm.aaai91.spr.symp.ps"
}


@inproceedings{elgot-drapkin:step3,
   author    = {Elgot-Drapkin, J.},
   title     = {Step-logic and the Three-wise-men Problem},
   booktitle = {Proceedings of the 9th National Conference on Artificial Intelligence},
   year      = {1991},
   pages     = {412--417},
   keywords  = "reasoning, time, commonsense, resources,
		  active logic",
    url    = "http://www.cs.umd.edu/projects/active/papers/2wm.aaai91.spr.symp.ps"
}

@article{etherington/kraus/perlis:nonmonotonicityaij,
	AUTHOR = {Etherington, D. and Kraus, S. and Perlis, D.},
	JOURNAL = "Artificial Intelligence",
	VOLUME = 52,
	PAGES = {221--261},
	TITLE = {Nonmonotonicity and the scope of reasoning},
	year = 1991,
        keywords = "nonmonotonicity, circumscription, default logic",
        url      = "http://www.cs.umd.edu/projects/active/papers/scope.dvi"
}


@article{kraus/perlis/horty,
    author="S. Kraus and D. Perlis and J. Horty",
    title="Reasoning about Ignorance: A Note on the Bush-Gorbachev
		  Problem",
    journal="Fundamenta Informaticae Journal",
    note="special issue on Logic for A.I.",
    volume="15(3,4)",
    pages="325-332",
    year="1991",
    keywords = "circumscription, commonsense, reasoning, knowledge,
		  ignorance",
    url      = "http://www.cs.umd.edu/projects/active/papers/reas-ign.dvi"
}


@inproceedings{nirkhe/kraus/perlis:fully,
    title="Fully Deadline-Coupled Planning: One Step  at a time",
    author="M. Nirkhe and S. Kraus and D. Perlis",
    year="1991",
    booktitle="Proceedings of the Sixth International Symposium on
		  Methodologies for Intelligent Systems",
    address="Charlotte, NC",
  keywords = "planning, time, deadline, active logic, commonsense",
  url       = "http://www.cs.umd.edu/projects/active/papers/ismis91.dvi"
}


@article{perlis/elgot-drapkin/miller:stop,
        author = "Perlis, D. and Elgot-Drapkin, J. and Miller, M.",
        title = "Stop the World! -- {I} Want to Think!",
        journal = "International J. of Intelligent Systems",
        volume = "6",
        pages = "443-456",
        note = "Special issue on temporal reasoning",
        year = 1991,
        keywords = "reasoning, time, action, default, inconsistency,
		  active logic",
    url    = "http://www.cs.umd.edu/projects/active/papers/stop.ps"
}



@inproceedings{elgot-drapkin:real,
   author    = {Elgot-Drapkin, J.},
   title     = {Using Step-Logic for Tractable Non-monotonic
		  Inference-ResearchSummary},
   booktitle = {Working Notes of the AAAI Workshop on
       Tractable Reasoning},
   year      = {1992},
   address   = {San Jose, CA},
   keywords  = "reasoning, resources, default,  active logic",
    url    = "http://www.cs.umd.edu/projects/active/papers/tractable.aaai92.wkshp.ps"
}

@inproceedings{elgot-drapkin/kraus/miller/nirkhe/perlis:vacuum,
   author    = {J. Elgot-Drapkin and S. Kraus and M. Miller and
		  M. Nirkhe and D. Perlis },
   title     = {Vacuum Logic},
   booktitle = {Notes of the AAAI Fall Symposium on Instantiating
		  Real-World Agents},
   year      = {1993},
   keywords  = "reasoning, planning, language, commonsense, active logic",
    url    = "http://www.cs.umd.edu/projects/active/papers/vacuum.ps"
}



@inproceedings{miller/perlis:presentations,
     AUTHOR = {M. Miller and D. Perlis},
     TITLE = {Presentations and this and that: logic in action},
     BOOKTITLE = {Proceedings of the 15th Annual Conference of the
		Cognitive Science Society},
     ADDRESS = {Boulder, Colorado},
     year =  1993,
    keywords  = "language, meaning, commonsense, active logic",
    url       = "ftp://ftp.cs.umd.edu/pub/papers/TRs/3244.ps.Z"
}


@inproceedings{miller/perlis:what,
     AUTHOR = {M. Miller and D. Perlis },
     TITLE = {What experts deny, novices must understand},
     BOOKTITLE = {3rd International Workshop on Human and Machine Cognition},
     ADDRESS = {Seaside, Florida},
     year =  1993,
    keywords  = "defaults, commonsense, reasoning",
    url       = "ftp://ftp.cs.umd.edu/pub/papers/papers/3280/3280.ps.Z"
}


@inproceedings{nirkhe/kraus/perlis:situated,
    author="M. Nirkhe, S. Kraus and D. Perlis",
    title="Situated Reasoning Within Tight Deadlines and Realistic
		  Space and Computation Bounds",
    booktitle="Common Sense 93",
    address="Austin, Texas",
    year="1993",
    keywords  = "reasoning, resources, commonsense, deadline, time,
		  active logic",
    url       = "http://www.cs.umd.edu/projects/active/papers/commonsense93.dvi"
}


@inproceedings{nirkhe/perlis/kraus:FLAIRS,
    author="M. Nirkhe and  D. Perlis and S. Kraus",
    title="Reasoning About Change in a Changing World",
    booktitle="Proceedings of  FLAIRS-93",
    year="1993",
    keywords  = "reasoning, deadline, time,  active logic",
    url       = "http://www.cs.umd.edu/projects/active/papers/flairs93.dvi"
}



@techreport{/perlis:error-theory,
    title="An Error-Theory of Consciousness",
    author="D. Perlis",
    institution="University of Maryland",
    year="1994",
    number="CS-TR-3324",
    keywords  = "consciousness",
    url       = "ftp://ftp.cs.umd.edu/pub/papers/papers/3324/3324.ps.Z"
}


@techreport{drapkin/gordon/kraus/miller/nirkhe/perlis:calibrating,
    title="Calibrating, Counting, Grounding, Grouping",
    author="J. Elgot-Drapkin and D. Gordon and S. Kraus and M. Miller
		  and M. Nirkhe and D. Perlis",
    institution="University of Maryland",
    year="1994",
    number="CS-TR-3279",
    keywords  = "reasoning, commonsense, perception, action, active logic",
    url       = "ftp://ftp.cs.umd.edu/pub/papers/TRs/3279.ps.Z"
}

@article{nirkhe/kraus/miller/perlis:how,
    author="M. Nirkhe and S. Kraus and D. Perlis",
    title="How to plan to meet a deadline between now and then",
    journal="Journal of Logic and Computation",
    year=1994,
    note="submitted",
    keywords  = "reasoning, deadline, time,  active logic,
		  commonsense, planning",
    url       = "http://www.cs.umd.edu/projects/active/papers/flairs93.dvi"
}


@techreport{nirkhe/kraus/perlis:thinking,
    title="Thinking takes time: A modal active-logic for reasoning
		  {\sl in} time",
    author="M. Nirkhe and S. Kraus and D. Perlis",
    institution="University of Maryland",
    year="1994",
    number="CS-TR-3249, UMIACS-TR-94-63",
    keywords  = "time, reasoning, commonsense, modal, active logic",
    url       = "ftp://ftp.cs.umd.edu/pub/papers/TRs/3249.ps.Z"
}


@TechReport{perlis:consciousness,
  author = 	 "D. Perlis",
  title = 	 "Consciousness and complexity: the cognitive quest",
  institution =  "University of Maryland",
  year = 	 1994,
  number =	 "CS-TR-3232",
  month =	 "March",
    keywords  = "mind, cognition, consciousness",
    url       = "ftp://ftp.cs.umd.edu/pub/papers/papers/3232/3232.ps.Z"
}



@techreport{perlis:lifetime,
	author = "Donald Perlis",
	title = "Logic for a lifetime",
	institution = "University of Maryland",
	number = "CS-TR-3278 and UMIACS-TR-94-62",
	year = "1994",
    keywords  = "resources, reasoning, commonsense, beliefs, time",
    url       = "ftp://ftp.cs.umd.edu/pub/papers/papers/3278/3278.ps.Z"
}


@incollection{perlis:putting2,
     AUTHOR = {D. Perlis},
     BOOKTITLE = {From Thinking Machines to Virtual Persons:
		Essays on the intentionality of computers},
     EDITOR = {Eric Dietrich},
     PUBLISHER = {Academic Press},
     TITLE = {Putting One's Foot in One's Head -- Part
                 {I}{I}: How},
     year = 1994,
     keywords = "mind, language, meaning, intentionality, content,
		  reference",
    url      = "http://www.cs.umd.edu/projects/active/papers/foot-II.dvi"
}

@InProceedings{presup:ijcai95,
  author = 	 "J. Gurney and D. Perlis and K. Purang",
  title = 	 "Active Logic and {H}eim's Rule for Updating Discourse
		  Context",
  year =	 1995,
  organization = "IJCAI 95 Workshop on Context in Natural Language",
  keywords =	 "presupposition, discourse, context, accomodation,
		  active logic, language",
  url =        "http://www.cs.umd.edu/projects/active/papers/ijcai95.ps"
}



@InProceedings{implic:aaai96,
  author = 	 "D. Perlis and J. Gurney  and K. Purang",
  title = 	 "Active Logic Applied to Cancellation of Gricean
		  Implicature", 
  year =	 1996,
  organization = "AAAI 96 Spring Symposium on Computational Implicature",
  keywords =	 "discourse, context, active logic, implicature, language",
  url =        "http://www.cs.umd.edu/projects/active/papers/lang/implic.ps"
}



@TechReport{presup:ci96,
  author = 	 "J. Gurney and D. Perlis and K. Purang",
  title = 	 "Updating Discourse Context with Active Logic",
  institution =  "University of Maryland",
  year = 	 1996,
  number =	 "CS-TR-3681",
  keywords =	 "discourse, context, active logic, implicature,
		  accomodation, presupposition, language",
  url =        "http://www.cs.umd.edu/projects/active/papers/lang/ci96.ps"
}

@InProceedings{perlis/purang:conversational,
  author = 	 "D. Perlis and K. Purang",
  title = 	 "Conversational Adequacy: Mistakes are the Essense",
  year =	 1996,
  organization = "AAAI 96 Workshop on Detecting, Repairing, and
		  Preventing Human-Machine Miscommunication",
  keywords =	 "discourse, active logic, implicature,
		   presupposition, language, contradiction",
  url =        "http://www.cs.umd.edu/projects/active/papers/lang/mnm.ps"

}

@Article{elgot-drapkin/kraus/killer/nirkhe/perlis:active,
  author = 	 "J. Elgot-Drapkin and S. Kraus and M. Miller and
		  M. Nirkhe and D. Perlis",
  title = 	 "Active Logics: A Unified Formal Approach to Episodic
		  Reasoning.",
  journal =	 "JAIR",
  keywords =	 "active logic",
  url =        "http://www.cs.umd.edu/projects/active/papers/survey_paper.ps"
}

@TechReport{miller/perlis/purang:defaults,
  author = 	 "M. Miller and D. Perlis and K. Purang",
  title = 	 "Defaults Denied",
  institution =  "University of Maryland",
  year = 	 1996,
  number =	 "CS-TR-3680",
  keywords =	 "default, logic, nonmonotonicity, commonsense, reasoning",
  url =        "http://www.cs.umd.edu/projects/active/papers/denials_final4.ps"
}

@TechReport{perlis/sources,
  author = 	 "D. Perlis",
  title = 	 "Sources of, and exploiting, inconsistency: preliminary report",
  institution =  "University of Maryland College Park",
  year = 	 1996,
  number =	 "---",
  keywords =	 "default, logic, commonsense, reasoning",
  url =        "http://www.cs.umd.edu/projects/active/papers/inconsis.ps"
}

@Article{gurney/perlis/purang:interpreting,
  author = 	 {J. Gurney and D. Perlis and K. Purang},
  title = 	 {Interpreting Presuppositions Using Active Logic: From Contexts to Utterances},
  journal = 	 {Computational Intelligence},
  year = 	 1997,
  keywords =	 "discourse, context, active logic, implicature,
		  accomodation, presupposition, language",
  url =        "http://www.cs.umd.edu/projects/active/papers/lang/ci97.ps.Z"
}





@Article{perlis/purang/andersen:conversational,
  author = 	 {D. Perlis and K. Purang and C. Andersen},
  title = 	 {Conversational Adequacy: Mistakes are the essense},
  journal = 	 {Submitted: International Journal of Human Computer Studies/Knowledg Acquisition},
  year = 	 1997,
  keywords =	 "discourse, active logic, implicature,
		   presupposition, language, contradiction",
  url =        "http://www.cs.umd.edu/projects/active/papers/lang/mnm-si.ps.Z"
}

